%YAML 1.1
%TAG !u! tag:unity3d.com,2011:
--- !u!29 &1
OcclusionCullingSettings:
  m_ObjectHideFlags: 0
  serializedVersion: 2
  m_OcclusionBakeSettings:
    smallestOccluder: 5
    smallestHole: 0.25
    backfaceThreshold: 100
  m_SceneGUID: 00000000000000000000000000000000
  m_OcclusionCullingData: {fileID: 0}
--- !u!104 &2
RenderSettings:
  m_ObjectHideFlags: 0
  serializedVersion: 8
  m_Fog: 0
  m_FogColor: {r: 0.5, g: 0.5, b: 0.5, a: 1}
  m_FogMode: 3
  m_FogDensity: 0.01
  m_LinearFogStart: 0
  m_LinearFogEnd: 300
  m_AmbientSkyColor: {r: 0.212, g: 0.227, b: 0.259, a: 1}
  m_AmbientEquatorColor: {r: 0.114, g: 0.125, b: 0.133, a: 1}
  m_AmbientGroundColor: {r: 0.047, g: 0.043, b: 0.035, a: 1}
  m_AmbientIntensity: 1
  m_AmbientMode: 0
  m_SubtractiveShadowColor: {r: 0.42, g: 0.478, b: 0.627, a: 1}
  m_SkyboxMaterial: {fileID: 10304, guid: 0000000000000000f000000000000000, type: 0}
  m_HaloStrength: 0.5
  m_FlareStrength: 1
  m_FlareFadeSpeed: 3
  m_HaloTexture: {fileID: 0}
  m_SpotCookie: {fileID: 10001, guid: 0000000000000000e000000000000000, type: 0}
  m_DefaultReflectionMode: 0
  m_DefaultReflectionResolution: 128
  m_ReflectionBounces: 1
  m_ReflectionIntensity: 1
  m_CustomReflection: {fileID: 0}
  m_Sun: {fileID: 0}
  m_IndirectSpecularColor: {r: 0.44657844, g: 0.49641222, b: 0.57481694, a: 1}
--- !u!157 &3
LightmapSettings:
  m_ObjectHideFlags: 0
  serializedVersion: 9
  m_GIWorkflowMode: 0
  m_GISettings:
    serializedVersion: 2
    m_BounceScale: 1
    m_IndirectOutputScale: 1
    m_AlbedoBoost: 1
    m_TemporalCoherenceThreshold: 1
    m_EnvironmentLightingMode: 0
    m_EnableBakedLightmaps: 1
    m_EnableRealtimeLightmaps: 1
  m_LightmapEditorSettings:
    serializedVersion: 8
    m_Resolution: 2
    m_BakeResolution: 40
    m_TextureWidth: 1024
    m_TextureHeight: 1024
    m_AO: 0
    m_AOMaxDistance: 1
    m_CompAOExponent: 1
    m_CompAOExponentDirect: 0
    m_Padding: 2
    m_LightmapParameters: {fileID: 0}
    m_LightmapsBakeMode: 1
    m_TextureCompression: 1
    m_FinalGather: 0
    m_FinalGatherFiltering: 1
    m_FinalGatherRayCount: 256
    m_ReflectionCompression: 2
    m_MixedBakeMode: 3
    m_BakeBackend: 0
    m_PVRSampling: 1
    m_PVRDirectSampleCount: 32
    m_PVRSampleCount: 500
    m_PVRBounces: 2
    m_PVRFiltering: 0
    m_PVRFilteringMode: 1
    m_PVRCulling: 1
    m_PVRFilteringGaussRadiusDirect: 1
    m_PVRFilteringGaussRadiusIndirect: 5
    m_PVRFilteringGaussRadiusAO: 2
    m_PVRFilteringAtrousColorSigma: 1
    m_PVRFilteringAtrousNormalSigma: 1
    m_PVRFilteringAtrousPositionSigma: 1
  m_LightingDataAsset: {fileID: 0}
  m_ShadowMaskMode: 2
--- !u!196 &4
NavMeshSettings:
  serializedVersion: 2
  m_ObjectHideFlags: 0
  m_BuildSettings:
    serializedVersion: 2
    agentTypeID: 0
    agentRadius: 0.5
    agentHeight: 2
    agentSlope: 45
    agentClimb: 0.4
    ledgeDropHeight: 0
    maxJumpAcrossDistance: 0
    minRegionArea: 2
    manualCellSize: 0
    cellSize: 0.16666667
    manualTileSize: 0
    tileSize: 256
    accuratePlacement: 0
  m_NavMeshData: {fileID: 23800000, guid: af8a9921ba7888743a7fa5506ec05916, type: 2}
--- !u!1001 &56483403
Prefab:
  m_ObjectHideFlags: 0
  serializedVersion: 2
  m_Modification:
    m_TransformParent: {fileID: 1728503964}
    m_Modifications:
    - target: {fileID: 4524337203396294, guid: 2a175d807aa48aa4bb817373954e4929, type: 2}
      propertyPath: m_LocalPosition.x
      value: -2.93
      objectReference: {fileID: 0}
    - target: {fileID: 4524337203396294, guid: 2a175d807aa48aa4bb817373954e4929, type: 2}
      propertyPath: m_LocalPosition.y
      value: 0
      objectReference: {fileID: 0}
    - target: {fileID: 4524337203396294, guid: 2a175d807aa48aa4bb817373954e4929, type: 2}
      propertyPath: m_LocalPosition.z
      value: -9.28
      objectReference: {fileID: 0}
    - target: {fileID: 4524337203396294, guid: 2a175d807aa48aa4bb817373954e4929, type: 2}
      propertyPath: m_LocalRotation.x
      value: -0
      objectReference: {fileID: 0}
    - target: {fileID: 4524337203396294, guid: 2a175d807aa48aa4bb817373954e4929, type: 2}
      propertyPath: m_LocalRotation.y
      value: -0
      objectReference: {fileID: 0}
    - target: {fileID: 4524337203396294, guid: 2a175d807aa48aa4bb817373954e4929, type: 2}
      propertyPath: m_LocalRotation.z
      value: -0
      objectReference: {fileID: 0}
    - target: {fileID: 4524337203396294, guid: 2a175d807aa48aa4bb817373954e4929, type: 2}
      propertyPath: m_LocalRotation.w
      value: 1
      objectReference: {fileID: 0}
    - target: {fileID: 4524337203396294, guid: 2a175d807aa48aa4bb817373954e4929, type: 2}
      propertyPath: m_RootOrder
      value: 0
      objectReference: {fileID: 0}
    m_RemovedComponents: []
  m_ParentPrefab: {fileID: 100100000, guid: 2a175d807aa48aa4bb817373954e4929, type: 2}
  m_IsPrefabParent: 0
--- !u!1 &65925312
GameObject:
  m_ObjectHideFlags: 0
  m_PrefabParentObject: {fileID: 1804727673595952, guid: 00bcb9b5ec3076c4bbec0c1c12f71045,
    type: 2}
  m_PrefabInternal: {fileID: 0}
  serializedVersion: 5
  m_Component:
  - component: {fileID: 65925316}
  - component: {fileID: 65925315}
  - component: {fileID: 65925314}
  - component: {fileID: 65925313}
  m_Layer: 0
  m_Name: Floor
  m_TagString: Untagged
  m_Icon: {fileID: 0}
  m_NavMeshLayer: 0
  m_StaticEditorFlags: 4294967295
  m_IsActive: 1
--- !u!23 &65925313
MeshRenderer:
  m_ObjectHideFlags: 0
  m_PrefabParentObject: {fileID: 23534151111441076, guid: 00bcb9b5ec3076c4bbec0c1c12f71045,
    type: 2}
  m_PrefabInternal: {fileID: 0}
  m_GameObject: {fileID: 65925312}
  m_Enabled: 1
  m_CastShadows: 1
  m_ReceiveShadows: 1
  m_MotionVectors: 1
  m_LightProbeUsage: 1
  m_ReflectionProbeUsage: 1
  m_Materials:
  - {fileID: 2100000, guid: 195dea8a1fc18664694e365a4123667c, type: 2}
  m_StaticBatchInfo:
    firstSubMesh: 0
    subMeshCount: 0
  m_StaticBatchRoot: {fileID: 0}
  m_ProbeAnchor: {fileID: 0}
  m_LightProbeVolumeOverride: {fileID: 0}
  m_ScaleInLightmap: 1
  m_PreserveUVs: 1
  m_IgnoreNormalsForChartDetection: 0
  m_ImportantGI: 0
  m_SelectedEditorRenderState: 3
  m_MinimumChartSize: 4
  m_AutoUVMaxDistance: 0.5
  m_AutoUVMaxAngle: 89
  m_LightmapParameters: {fileID: 0}
  m_SortingLayerID: 0
  m_SortingLayer: 0
  m_SortingOrder: 0
--- !u!64 &65925314
MeshCollider:
  m_ObjectHideFlags: 0
  m_PrefabParentObject: {fileID: 64716454708219484, guid: 00bcb9b5ec3076c4bbec0c1c12f71045,
    type: 2}
  m_PrefabInternal: {fileID: 0}
  m_GameObject: {fileID: 65925312}
  m_Material: {fileID: 0}
  m_IsTrigger: 0
  m_Enabled: 1
  serializedVersion: 2
  m_Convex: 0
  m_InflateMesh: 0
  m_SkinWidth: 0.01
  m_Mesh: {fileID: 10209, guid: 0000000000000000e000000000000000, type: 0}
--- !u!33 &65925315
MeshFilter:
  m_ObjectHideFlags: 0
  m_PrefabParentObject: {fileID: 33396855783550152, guid: 00bcb9b5ec3076c4bbec0c1c12f71045,
    type: 2}
  m_PrefabInternal: {fileID: 0}
  m_GameObject: {fileID: 65925312}
  m_Mesh: {fileID: 10209, guid: 0000000000000000e000000000000000, type: 0}
--- !u!4 &65925316
Transform:
  m_ObjectHideFlags: 0
  m_PrefabParentObject: {fileID: 4054656018429628, guid: 00bcb9b5ec3076c4bbec0c1c12f71045,
    type: 2}
  m_PrefabInternal: {fileID: 0}
  m_GameObject: {fileID: 65925312}
  m_LocalRotation: {x: 0, y: 0, z: 0, w: 1}
  m_LocalPosition: {x: 0, y: 0, z: 0}
  m_LocalScale: {x: 3.7677035, y: 1, z: 2}
  m_Children:
  - {fileID: 205979638}
  - {fileID: 1405398210}
  m_Father: {fileID: 0}
  m_RootOrder: 2
  m_LocalEulerAnglesHint: {x: 0, y: 0, z: 0}
--- !u!1001 &78129972
Prefab:
  m_ObjectHideFlags: 0
  serializedVersion: 2
  m_Modification:
    m_TransformParent: {fileID: 1728503964}
    m_Modifications:
    - target: {fileID: 4524337203396294, guid: 2a175d807aa48aa4bb817373954e4929, type: 2}
      propertyPath: m_LocalPosition.x
      value: -11.58
      objectReference: {fileID: 0}
    - target: {fileID: 4524337203396294, guid: 2a175d807aa48aa4bb817373954e4929, type: 2}
      propertyPath: m_LocalPosition.y
      value: 0
      objectReference: {fileID: 0}
    - target: {fileID: 4524337203396294, guid: 2a175d807aa48aa4bb817373954e4929, type: 2}
      propertyPath: m_LocalPosition.z
      value: 1.74
      objectReference: {fileID: 0}
    - target: {fileID: 4524337203396294, guid: 2a175d807aa48aa4bb817373954e4929, type: 2}
      propertyPath: m_LocalRotation.x
      value: -0
      objectReference: {fileID: 0}
    - target: {fileID: 4524337203396294, guid: 2a175d807aa48aa4bb817373954e4929, type: 2}
      propertyPath: m_LocalRotation.y
      value: -0
      objectReference: {fileID: 0}
    - target: {fileID: 4524337203396294, guid: 2a175d807aa48aa4bb817373954e4929, type: 2}
      propertyPath: m_LocalRotation.z
      value: -0
      objectReference: {fileID: 0}
    - target: {fileID: 4524337203396294, guid: 2a175d807aa48aa4bb817373954e4929, type: 2}
      propertyPath: m_LocalRotation.w
      value: 1
      objectReference: {fileID: 0}
    - target: {fileID: 4524337203396294, guid: 2a175d807aa48aa4bb817373954e4929, type: 2}
      propertyPath: m_RootOrder
      value: 3
      objectReference: {fileID: 0}
    - target: {fileID: 1443850166908482, guid: 2a175d807aa48aa4bb817373954e4929, type: 2}
      propertyPath: m_Name
      value: Waypoint4
      objectReference: {fileID: 0}
    m_RemovedComponents: []
  m_ParentPrefab: {fileID: 100100000, guid: 2a175d807aa48aa4bb817373954e4929, type: 2}
  m_IsPrefabParent: 0
--- !u!4 &78158547 stripped
Transform:
  m_PrefabParentObject: {fileID: 4651413325150426, guid: 3bf436dbab08c7941934017863301460,
    type: 2}
  m_PrefabInternal: {fileID: 1725647010}
--- !u!1001 &171994523
Prefab:
  m_ObjectHideFlags: 0
  serializedVersion: 2
  m_Modification:
    m_TransformParent: {fileID: 0}
    m_Modifications:
    - target: {fileID: 4838221688890878, guid: 2827a044e6402c2499c4d3618fe86a48, type: 2}
      propertyPath: m_LocalPosition.x
      value: -9.3
      objectReference: {fileID: 0}
    - target: {fileID: 4838221688890878, guid: 2827a044e6402c2499c4d3618fe86a48, type: 2}
      propertyPath: m_LocalPosition.y
      value: 0.69
      objectReference: {fileID: 0}
    - target: {fileID: 4838221688890878, guid: 2827a044e6402c2499c4d3618fe86a48, type: 2}
      propertyPath: m_LocalPosition.z
      value: -7.32
      objectReference: {fileID: 0}
    - target: {fileID: 4838221688890878, guid: 2827a044e6402c2499c4d3618fe86a48, type: 2}
      propertyPath: m_LocalRotation.x
      value: 0
      objectReference: {fileID: 0}
    - target: {fileID: 4838221688890878, guid: 2827a044e6402c2499c4d3618fe86a48, type: 2}
      propertyPath: m_LocalRotation.y
      value: 0
      objectReference: {fileID: 0}
    - target: {fileID: 4838221688890878, guid: 2827a044e6402c2499c4d3618fe86a48, type: 2}
      propertyPath: m_LocalRotation.z
      value: 0
      objectReference: {fileID: 0}
    - target: {fileID: 4838221688890878, guid: 2827a044e6402c2499c4d3618fe86a48, type: 2}
      propertyPath: m_LocalRotation.w
      value: 1
      objectReference: {fileID: 0}
    - target: {fileID: 4838221688890878, guid: 2827a044e6402c2499c4d3618fe86a48, type: 2}
      propertyPath: m_RootOrder
      value: 5
      objectReference: {fileID: 0}
    - target: {fileID: 1879816625778342, guid: 2827a044e6402c2499c4d3618fe86a48, type: 2}
      propertyPath: m_IsActive
      value: 1
      objectReference: {fileID: 0}
    m_RemovedComponents: []
  m_ParentPrefab: {fileID: 100100000, guid: 2827a044e6402c2499c4d3618fe86a48, type: 2}
  m_IsPrefabParent: 0
--- !u!1001 &182392491
Prefab:
  m_ObjectHideFlags: 0
  serializedVersion: 2
  m_Modification:
    m_TransformParent: {fileID: 2100368351}
    m_Modifications:
    - target: {fileID: 114620286683962538, guid: ef00404ea41ceb04c977985bfc68e07a,
        type: 2}
      propertyPath: WPRotDirection.Array.size
      value: 0
      objectReference: {fileID: 0}
    - target: {fileID: 114620286683962538, guid: ef00404ea41ceb04c977985bfc68e07a,
        type: 2}
      propertyPath: enemyStats.waypoints.Array.size
      value: 0
      objectReference: {fileID: 0}
    - target: {fileID: 4421415638059826, guid: ef00404ea41ceb04c977985bfc68e07a, type: 2}
      propertyPath: m_LocalPosition.x
      value: 6.71
      objectReference: {fileID: 0}
    - target: {fileID: 4421415638059826, guid: ef00404ea41ceb04c977985bfc68e07a, type: 2}
      propertyPath: m_LocalPosition.y
      value: 0
      objectReference: {fileID: 0}
    - target: {fileID: 4421415638059826, guid: ef00404ea41ceb04c977985bfc68e07a, type: 2}
      propertyPath: m_LocalPosition.z
      value: 3.14
      objectReference: {fileID: 0}
    - target: {fileID: 4421415638059826, guid: ef00404ea41ceb04c977985bfc68e07a, type: 2}
      propertyPath: m_LocalRotation.x
      value: -0
      objectReference: {fileID: 0}
    - target: {fileID: 4421415638059826, guid: ef00404ea41ceb04c977985bfc68e07a, type: 2}
      propertyPath: m_LocalRotation.y
      value: 0.65060467
      objectReference: {fileID: 0}
    - target: {fileID: 4421415638059826, guid: ef00404ea41ceb04c977985bfc68e07a, type: 2}
      propertyPath: m_LocalRotation.z
      value: -0
      objectReference: {fileID: 0}
    - target: {fileID: 4421415638059826, guid: ef00404ea41ceb04c977985bfc68e07a, type: 2}
      propertyPath: m_LocalRotation.w
      value: 0.75941664
      objectReference: {fileID: 0}
    - target: {fileID: 4421415638059826, guid: ef00404ea41ceb04c977985bfc68e07a, type: 2}
      propertyPath: m_RootOrder
      value: 2
      objectReference: {fileID: 0}
    - target: {fileID: 114620286683962538, guid: ef00404ea41ceb04c977985bfc68e07a,
        type: 2}
      propertyPath: spyTarget
      value: 
      objectReference: {fileID: 872382601}
    - target: {fileID: 114620286683962538, guid: ef00404ea41ceb04c977985bfc68e07a,
        type: 2}
      propertyPath: radius
      value: 20
      objectReference: {fileID: 0}
    - target: {fileID: 114620286683962538, guid: ef00404ea41ceb04c977985bfc68e07a,
        type: 2}
      propertyPath: enemyStats.inRange
      value: 5
      objectReference: {fileID: 0}
    - target: {fileID: 114620286683962538, guid: ef00404ea41ceb04c977985bfc68e07a,
        type: 2}
      propertyPath: maxDistance
      value: 50
      objectReference: {fileID: 0}
    - target: {fileID: 114620286683962538, guid: ef00404ea41ceb04c977985bfc68e07a,
        type: 2}
      propertyPath: enemyStats.waypoints.Array.data[0].targetDestination
      value: 
      objectReference: {fileID: 1988501044}
    - target: {fileID: 114620286683962538, guid: ef00404ea41ceb04c977985bfc68e07a,
        type: 2}
      propertyPath: enemyStats.waypoints.Array.data[1].targetDestination
      value: 
      objectReference: {fileID: 494395224}
    - target: {fileID: 114620286683962538, guid: ef00404ea41ceb04c977985bfc68e07a,
        type: 2}
      propertyPath: enemyStats.waypoints.Array.data[0].waitTime
      value: 1
      objectReference: {fileID: 0}
    - target: {fileID: 114620286683962538, guid: ef00404ea41ceb04c977985bfc68e07a,
        type: 2}
      propertyPath: enemyStats.waypoints.Array.data[1].waitTime
      value: 1
      objectReference: {fileID: 0}
    - target: {fileID: 195756173188073536, guid: ef00404ea41ceb04c977985bfc68e07a,
        type: 2}
      propertyPath: m_AngularSpeed
      value: 400
      objectReference: {fileID: 0}
    - target: {fileID: 1672737429469558, guid: ef00404ea41ceb04c977985bfc68e07a, type: 2}
      propertyPath: m_Name
      value: AI (2)
      objectReference: {fileID: 0}
    - target: {fileID: 4421415638059826, guid: ef00404ea41ceb04c977985bfc68e07a, type: 2}
      propertyPath: m_LocalEulerAnglesHint.y
      value: 81.174
      objectReference: {fileID: 0}
    - target: {fileID: 4421415638059826, guid: ef00404ea41ceb04c977985bfc68e07a, type: 2}
      propertyPath: m_LocalScale.x
      value: 1.0000002
      objectReference: {fileID: 0}
    - target: {fileID: 4421415638059826, guid: ef00404ea41ceb04c977985bfc68e07a, type: 2}
      propertyPath: m_LocalScale.z
      value: 1.0000002
      objectReference: {fileID: 0}
    m_RemovedComponents: []
  m_ParentPrefab: {fileID: 100100000, guid: ef00404ea41ceb04c977985bfc68e07a, type: 2}
  m_IsPrefabParent: 0
--- !u!1 &205979637
GameObject:
  m_ObjectHideFlags: 0
  m_PrefabParentObject: {fileID: 1630382223431328, guid: 00bcb9b5ec3076c4bbec0c1c12f71045,
    type: 2}
  m_PrefabInternal: {fileID: 0}
  serializedVersion: 5
  m_Component:
  - component: {fileID: 205979638}
  - component: {fileID: 205979641}
  - component: {fileID: 205979640}
  - component: {fileID: 205979639}
  m_Layer: 8
  m_Name: Wall1
  m_TagString: Untagged
  m_Icon: {fileID: 0}
  m_NavMeshLayer: 0
  m_StaticEditorFlags: 4294967295
  m_IsActive: 1
--- !u!4 &205979638
Transform:
  m_ObjectHideFlags: 0
  m_PrefabParentObject: {fileID: 4339503173288346, guid: 00bcb9b5ec3076c4bbec0c1c12f71045,
    type: 2}
  m_PrefabInternal: {fileID: 0}
  m_GameObject: {fileID: 205979637}
  m_LocalRotation: {x: -0, y: -0, z: -0, w: 1}
  m_LocalPosition: {x: 0, y: 0.43, z: 0.55}
  m_LocalScale: {x: 5.5110273, y: 2.0389488, z: 0.16826604}
  m_Children: []
  m_Father: {fileID: 65925316}
  m_RootOrder: 0
  m_LocalEulerAnglesHint: {x: 0, y: 0, z: 0}
--- !u!23 &205979639
MeshRenderer:
  m_ObjectHideFlags: 0
  m_PrefabParentObject: {fileID: 23002486585513628, guid: 00bcb9b5ec3076c4bbec0c1c12f71045,
    type: 2}
  m_PrefabInternal: {fileID: 0}
  m_GameObject: {fileID: 205979637}
  m_Enabled: 1
  m_CastShadows: 1
  m_ReceiveShadows: 1
  m_MotionVectors: 1
  m_LightProbeUsage: 1
  m_ReflectionProbeUsage: 1
  m_Materials:
  - {fileID: 10303, guid: 0000000000000000f000000000000000, type: 0}
  m_StaticBatchInfo:
    firstSubMesh: 0
    subMeshCount: 0
  m_StaticBatchRoot: {fileID: 0}
  m_ProbeAnchor: {fileID: 0}
  m_LightProbeVolumeOverride: {fileID: 0}
  m_ScaleInLightmap: 1
  m_PreserveUVs: 1
  m_IgnoreNormalsForChartDetection: 0
  m_ImportantGI: 0
  m_SelectedEditorRenderState: 3
  m_MinimumChartSize: 4
  m_AutoUVMaxDistance: 0.5
  m_AutoUVMaxAngle: 89
  m_LightmapParameters: {fileID: 0}
  m_SortingLayerID: 0
  m_SortingLayer: 0
  m_SortingOrder: 0
--- !u!65 &205979640
BoxCollider:
  m_ObjectHideFlags: 0
  m_PrefabParentObject: {fileID: 65114764279347540, guid: 00bcb9b5ec3076c4bbec0c1c12f71045,
    type: 2}
  m_PrefabInternal: {fileID: 0}
  m_GameObject: {fileID: 205979637}
  m_Material: {fileID: 0}
  m_IsTrigger: 0
  m_Enabled: 1
  serializedVersion: 2
  m_Size: {x: 1, y: 1, z: 1}
  m_Center: {x: 0, y: 0, z: 0}
--- !u!33 &205979641
MeshFilter:
  m_ObjectHideFlags: 0
  m_PrefabParentObject: {fileID: 33180297927408316, guid: 00bcb9b5ec3076c4bbec0c1c12f71045,
    type: 2}
  m_PrefabInternal: {fileID: 0}
  m_GameObject: {fileID: 205979637}
  m_Mesh: {fileID: 10202, guid: 0000000000000000e000000000000000, type: 0}
--- !u!1001 &230012173
Prefab:
  m_ObjectHideFlags: 0
  serializedVersion: 2
  m_Modification:
    m_TransformParent: {fileID: 1573204953}
    m_Modifications:
    - target: {fileID: 4651413325150426, guid: 3bf436dbab08c7941934017863301460, type: 2}
      propertyPath: m_LocalPosition.x
      value: -5.1511765
      objectReference: {fileID: 0}
    - target: {fileID: 4651413325150426, guid: 3bf436dbab08c7941934017863301460, type: 2}
      propertyPath: m_LocalPosition.y
      value: 23.284376
      objectReference: {fileID: 0}
    - target: {fileID: 4651413325150426, guid: 3bf436dbab08c7941934017863301460, type: 2}
      propertyPath: m_LocalPosition.z
      value: -34.87341
      objectReference: {fileID: 0}
    - target: {fileID: 4651413325150426, guid: 3bf436dbab08c7941934017863301460, type: 2}
      propertyPath: m_LocalRotation.x
      value: -0
      objectReference: {fileID: 0}
    - target: {fileID: 4651413325150426, guid: 3bf436dbab08c7941934017863301460, type: 2}
      propertyPath: m_LocalRotation.y
      value: -0.7071068
      objectReference: {fileID: 0}
    - target: {fileID: 4651413325150426, guid: 3bf436dbab08c7941934017863301460, type: 2}
      propertyPath: m_LocalRotation.z
      value: -0
      objectReference: {fileID: 0}
    - target: {fileID: 4651413325150426, guid: 3bf436dbab08c7941934017863301460, type: 2}
      propertyPath: m_LocalRotation.w
      value: 0.7071068
      objectReference: {fileID: 0}
    - target: {fileID: 4651413325150426, guid: 3bf436dbab08c7941934017863301460, type: 2}
      propertyPath: m_RootOrder
      value: 0
      objectReference: {fileID: 0}
    - target: {fileID: 1107749292466294, guid: 3bf436dbab08c7941934017863301460, type: 2}
      propertyPath: m_Icon
      value: 
      objectReference: {fileID: -1412012063857583412, guid: 0000000000000000d000000000000000,
        type: 0}
    - target: {fileID: 1107749292466294, guid: 3bf436dbab08c7941934017863301460, type: 2}
      propertyPath: m_IsActive
      value: 1
      objectReference: {fileID: 0}
    - target: {fileID: 4651413325150426, guid: 3bf436dbab08c7941934017863301460, type: 2}
      propertyPath: m_LocalScale.x
      value: 1
      objectReference: {fileID: 0}
    - target: {fileID: 4651413325150426, guid: 3bf436dbab08c7941934017863301460, type: 2}
      propertyPath: m_LocalScale.z
      value: 1
      objectReference: {fileID: 0}
    m_RemovedComponents: []
  m_ParentPrefab: {fileID: 100100000, guid: 3bf436dbab08c7941934017863301460, type: 2}
  m_IsPrefabParent: 0
--- !u!1001 &385460806
Prefab:
  m_ObjectHideFlags: 0
  serializedVersion: 2
  m_Modification:
    m_TransformParent: {fileID: 1525740115}
    m_Modifications:
    - target: {fileID: 4587820106727212, guid: 928896d78a7af5f4aa14e30d864b53cb, type: 2}
      propertyPath: m_LocalPosition.x
      value: 0
      objectReference: {fileID: 0}
    - target: {fileID: 4587820106727212, guid: 928896d78a7af5f4aa14e30d864b53cb, type: 2}
      propertyPath: m_LocalPosition.y
      value: 0
      objectReference: {fileID: 0}
    - target: {fileID: 4587820106727212, guid: 928896d78a7af5f4aa14e30d864b53cb, type: 2}
      propertyPath: m_LocalPosition.z
      value: 0
      objectReference: {fileID: 0}
    - target: {fileID: 4587820106727212, guid: 928896d78a7af5f4aa14e30d864b53cb, type: 2}
      propertyPath: m_LocalRotation.x
      value: -0
      objectReference: {fileID: 0}
    - target: {fileID: 4587820106727212, guid: 928896d78a7af5f4aa14e30d864b53cb, type: 2}
      propertyPath: m_LocalRotation.y
      value: -0
      objectReference: {fileID: 0}
    - target: {fileID: 4587820106727212, guid: 928896d78a7af5f4aa14e30d864b53cb, type: 2}
      propertyPath: m_LocalRotation.z
      value: -0
      objectReference: {fileID: 0}
    - target: {fileID: 4587820106727212, guid: 928896d78a7af5f4aa14e30d864b53cb, type: 2}
      propertyPath: m_LocalRotation.w
      value: 1
      objectReference: {fileID: 0}
    - target: {fileID: 4587820106727212, guid: 928896d78a7af5f4aa14e30d864b53cb, type: 2}
      propertyPath: m_RootOrder
      value: 0
      objectReference: {fileID: 0}
    - target: {fileID: 4587820106727212, guid: 928896d78a7af5f4aa14e30d864b53cb, type: 2}
      propertyPath: m_LocalScale.x
      value: 0.5000005
      objectReference: {fileID: 0}
    - target: {fileID: 4587820106727212, guid: 928896d78a7af5f4aa14e30d864b53cb, type: 2}
      propertyPath: m_LocalScale.y
      value: -0.049999997
      objectReference: {fileID: 0}
    - target: {fileID: 4587820106727212, guid: 928896d78a7af5f4aa14e30d864b53cb, type: 2}
      propertyPath: m_LocalScale.z
      value: 0.5000005
      objectReference: {fileID: 0}
    - target: {fileID: 1550648371015996, guid: 928896d78a7af5f4aa14e30d864b53cb, type: 2}
      propertyPath: m_Name
      value: OffmeshLinkEnd (1)
      objectReference: {fileID: 0}
    m_RemovedComponents: []
  m_ParentPrefab: {fileID: 100100000, guid: 928896d78a7af5f4aa14e30d864b53cb, type: 2}
  m_IsPrefabParent: 0
--- !u!4 &392192620 stripped
Transform:
  m_PrefabParentObject: {fileID: 4421415638059826, guid: ef00404ea41ceb04c977985bfc68e07a,
    type: 2}
  m_PrefabInternal: {fileID: 1357121894}
--- !u!1001 &416257720
Prefab:
  m_ObjectHideFlags: 0
  serializedVersion: 2
  m_Modification:
    m_TransformParent: {fileID: 78158547}
    m_Modifications:
    - target: {fileID: 4587820106727212, guid: 928896d78a7af5f4aa14e30d864b53cb, type: 2}
      propertyPath: m_LocalPosition.x
      value: 0
      objectReference: {fileID: 0}
    - target: {fileID: 4587820106727212, guid: 928896d78a7af5f4aa14e30d864b53cb, type: 2}
      propertyPath: m_LocalPosition.y
      value: -0.258
      objectReference: {fileID: 0}
    - target: {fileID: 4587820106727212, guid: 928896d78a7af5f4aa14e30d864b53cb, type: 2}
      propertyPath: m_LocalPosition.z
      value: 0
      objectReference: {fileID: 0}
    - target: {fileID: 4587820106727212, guid: 928896d78a7af5f4aa14e30d864b53cb, type: 2}
      propertyPath: m_LocalRotation.x
      value: 0
      objectReference: {fileID: 0}
    - target: {fileID: 4587820106727212, guid: 928896d78a7af5f4aa14e30d864b53cb, type: 2}
      propertyPath: m_LocalRotation.y
      value: 0
      objectReference: {fileID: 0}
    - target: {fileID: 4587820106727212, guid: 928896d78a7af5f4aa14e30d864b53cb, type: 2}
      propertyPath: m_LocalRotation.z
      value: 0
      objectReference: {fileID: 0}
    - target: {fileID: 4587820106727212, guid: 928896d78a7af5f4aa14e30d864b53cb, type: 2}
      propertyPath: m_LocalRotation.w
      value: 1
      objectReference: {fileID: 0}
    - target: {fileID: 4587820106727212, guid: 928896d78a7af5f4aa14e30d864b53cb, type: 2}
      propertyPath: m_RootOrder
      value: 0
      objectReference: {fileID: 0}
    - target: {fileID: 4587820106727212, guid: 928896d78a7af5f4aa14e30d864b53cb, type: 2}
      propertyPath: m_LocalScale.x
      value: 0.5
      objectReference: {fileID: 0}
    - target: {fileID: 4587820106727212, guid: 928896d78a7af5f4aa14e30d864b53cb, type: 2}
      propertyPath: m_LocalScale.y
      value: -0.05
      objectReference: {fileID: 0}
    - target: {fileID: 4587820106727212, guid: 928896d78a7af5f4aa14e30d864b53cb, type: 2}
      propertyPath: m_LocalScale.z
      value: 0.5
      objectReference: {fileID: 0}
    m_RemovedComponents: []
  m_ParentPrefab: {fileID: 100100000, guid: 928896d78a7af5f4aa14e30d864b53cb, type: 2}
  m_IsPrefabParent: 0
--- !u!4 &494395224 stripped
Transform:
  m_PrefabParentObject: {fileID: 4524337203396294, guid: 2a175d807aa48aa4bb817373954e4929,
    type: 2}
  m_PrefabInternal: {fileID: 56483403}
--- !u!1001 &558521082
Prefab:
  m_ObjectHideFlags: 0
  serializedVersion: 2
  m_Modification:
    m_TransformParent: {fileID: 1633943652}
    m_Modifications:
    - target: {fileID: 4587820106727212, guid: 928896d78a7af5f4aa14e30d864b53cb, type: 2}
      propertyPath: m_LocalPosition.x
      value: 0
      objectReference: {fileID: 0}
    - target: {fileID: 4587820106727212, guid: 928896d78a7af5f4aa14e30d864b53cb, type: 2}
      propertyPath: m_LocalPosition.y
      value: -0.258
      objectReference: {fileID: 0}
    - target: {fileID: 4587820106727212, guid: 928896d78a7af5f4aa14e30d864b53cb, type: 2}
      propertyPath: m_LocalPosition.z
      value: 0
      objectReference: {fileID: 0}
    - target: {fileID: 4587820106727212, guid: 928896d78a7af5f4aa14e30d864b53cb, type: 2}
      propertyPath: m_LocalRotation.x
      value: 0
      objectReference: {fileID: 0}
    - target: {fileID: 4587820106727212, guid: 928896d78a7af5f4aa14e30d864b53cb, type: 2}
      propertyPath: m_LocalRotation.y
      value: 0
      objectReference: {fileID: 0}
    - target: {fileID: 4587820106727212, guid: 928896d78a7af5f4aa14e30d864b53cb, type: 2}
      propertyPath: m_LocalRotation.z
      value: 0
      objectReference: {fileID: 0}
    - target: {fileID: 4587820106727212, guid: 928896d78a7af5f4aa14e30d864b53cb, type: 2}
      propertyPath: m_LocalRotation.w
      value: 1
      objectReference: {fileID: 0}
    - target: {fileID: 4587820106727212, guid: 928896d78a7af5f4aa14e30d864b53cb, type: 2}
      propertyPath: m_RootOrder
      value: 0
      objectReference: {fileID: 0}
    - target: {fileID: 4587820106727212, guid: 928896d78a7af5f4aa14e30d864b53cb, type: 2}
      propertyPath: m_LocalScale.x
      value: 0.5
      objectReference: {fileID: 0}
    - target: {fileID: 4587820106727212, guid: 928896d78a7af5f4aa14e30d864b53cb, type: 2}
      propertyPath: m_LocalScale.y
      value: -0.05
      objectReference: {fileID: 0}
    - target: {fileID: 4587820106727212, guid: 928896d78a7af5f4aa14e30d864b53cb, type: 2}
      propertyPath: m_LocalScale.z
      value: 0.5
      objectReference: {fileID: 0}
    m_RemovedComponents: []
  m_ParentPrefab: {fileID: 100100000, guid: 928896d78a7af5f4aa14e30d864b53cb, type: 2}
  m_IsPrefabParent: 0
--- !u!1001 &630739308
Prefab:
  m_ObjectHideFlags: 0
  serializedVersion: 2
  m_Modification:
    m_TransformParent: {fileID: 0}
    m_Modifications:
    - target: {fileID: 4780018223106484, guid: 29625e8a1c4c0cc46bfc1746b1ee2037, type: 2}
      propertyPath: m_LocalPosition.x
      value: 0
      objectReference: {fileID: 0}
    - target: {fileID: 4780018223106484, guid: 29625e8a1c4c0cc46bfc1746b1ee2037, type: 2}
      propertyPath: m_LocalPosition.y
      value: 3
      objectReference: {fileID: 0}
    - target: {fileID: 4780018223106484, guid: 29625e8a1c4c0cc46bfc1746b1ee2037, type: 2}
      propertyPath: m_LocalPosition.z
      value: 0
      objectReference: {fileID: 0}
    - target: {fileID: 4780018223106484, guid: 29625e8a1c4c0cc46bfc1746b1ee2037, type: 2}
      propertyPath: m_LocalRotation.x
      value: 0.40821788
      objectReference: {fileID: 0}
    - target: {fileID: 4780018223106484, guid: 29625e8a1c4c0cc46bfc1746b1ee2037, type: 2}
      propertyPath: m_LocalRotation.y
      value: -0.23456968
      objectReference: {fileID: 0}
    - target: {fileID: 4780018223106484, guid: 29625e8a1c4c0cc46bfc1746b1ee2037, type: 2}
      propertyPath: m_LocalRotation.z
      value: 0.10938163
      objectReference: {fileID: 0}
    - target: {fileID: 4780018223106484, guid: 29625e8a1c4c0cc46bfc1746b1ee2037, type: 2}
      propertyPath: m_LocalRotation.w
      value: 0.8754261
      objectReference: {fileID: 0}
    - target: {fileID: 4780018223106484, guid: 29625e8a1c4c0cc46bfc1746b1ee2037, type: 2}
      propertyPath: m_RootOrder
      value: 4
      objectReference: {fileID: 0}
    m_RemovedComponents: []
  m_ParentPrefab: {fileID: 100100000, guid: 29625e8a1c4c0cc46bfc1746b1ee2037, type: 2}
  m_IsPrefabParent: 0
--- !u!1 &689243879
GameObject:
  m_ObjectHideFlags: 0
  m_PrefabParentObject: {fileID: 0}
  m_PrefabInternal: {fileID: 0}
  serializedVersion: 5
  m_Component:
  - component: {fileID: 689243881}
  - component: {fileID: 689243880}
  m_Layer: 0
  m_Name: AIDirector
  m_TagString: Untagged
  m_Icon: {fileID: 0}
  m_NavMeshLayer: 0
  m_StaticEditorFlags: 0
  m_IsActive: 1
--- !u!114 &689243880
MonoBehaviour:
  m_ObjectHideFlags: 0
  m_PrefabParentObject: {fileID: 0}
  m_PrefabInternal: {fileID: 0}
  m_GameObject: {fileID: 689243879}
  m_Enabled: 1
  m_EditorHideFlags: 0
  m_Script: {fileID: 11500000, guid: 8926049d05f9b2a4687d1c4bf8f19d2d, type: 3}
  m_Name: 
  m_EditorClassIdentifier: 
  allEnemies: []
  coverPositions:
  - {fileID: 1525740115}
  - {fileID: 78158547}
  - {fileID: 1633943652}
--- !u!4 &689243881
Transform:
  m_ObjectHideFlags: 0
  m_PrefabParentObject: {fileID: 0}
  m_PrefabInternal: {fileID: 0}
  m_GameObject: {fileID: 689243879}
  m_LocalRotation: {x: -0, y: -0, z: -0, w: 1}
  m_LocalPosition: {x: 12.603695, y: 0, z: 1.9101548}
  m_LocalScale: {x: 1, y: 1, z: 1}
  m_Children: []
  m_Father: {fileID: 0}
  m_RootOrder: 0
  m_LocalEulerAnglesHint: {x: 0, y: 0, z: 0}
--- !u!1 &750636273
GameObject:
  m_ObjectHideFlags: 0
  m_PrefabParentObject: {fileID: 0}
  m_PrefabInternal: {fileID: 0}
  serializedVersion: 5
  m_Component:
  - component: {fileID: 750636278}
  - component: {fileID: 750636277}
  - component: {fileID: 750636276}
  - component: {fileID: 750636275}
  - component: {fileID: 750636274}
  m_Layer: 0
  m_Name: Main Camera
  m_TagString: MainCamera
  m_Icon: {fileID: 0}
  m_NavMeshLayer: 0
  m_StaticEditorFlags: 0
  m_IsActive: 1
--- !u!81 &750636274
AudioListener:
  m_ObjectHideFlags: 0
  m_PrefabParentObject: {fileID: 0}
  m_PrefabInternal: {fileID: 0}
  m_GameObject: {fileID: 750636273}
  m_Enabled: 1
--- !u!124 &750636275
Behaviour:
  m_ObjectHideFlags: 0
  m_PrefabParentObject: {fileID: 0}
  m_PrefabInternal: {fileID: 0}
  m_GameObject: {fileID: 750636273}
  m_Enabled: 1
--- !u!92 &750636276
Behaviour:
  m_ObjectHideFlags: 0
  m_PrefabParentObject: {fileID: 0}
  m_PrefabInternal: {fileID: 0}
  m_GameObject: {fileID: 750636273}
  m_Enabled: 1
--- !u!20 &750636277
Camera:
  m_ObjectHideFlags: 0
  m_PrefabParentObject: {fileID: 0}
  m_PrefabInternal: {fileID: 0}
  m_GameObject: {fileID: 750636273}
  m_Enabled: 1
  serializedVersion: 2
  m_ClearFlags: 1
  m_BackGroundColor: {r: 0.19215687, g: 0.3019608, b: 0.4745098, a: 0}
  m_NormalizedViewPortRect:
    serializedVersion: 2
    x: 0
    y: 0
    width: 1
    height: 1
  near clip plane: 0.3
  far clip plane: 1000
  field of view: 60
  orthographic: 0
  orthographic size: 5
  m_Depth: -1
  m_CullingMask:
    serializedVersion: 2
    m_Bits: 4294967295
  m_RenderingPath: -1
  m_TargetTexture: {fileID: 0}
  m_TargetDisplay: 0
  m_TargetEye: 3
  m_HDR: 1
  m_AllowMSAA: 1
  m_ForceIntoRT: 0
  m_OcclusionCulling: 1
  m_StereoConvergence: 10
  m_StereoSeparation: 0.022
  m_StereoMirrorMode: 0
--- !u!4 &750636278
Transform:
  m_ObjectHideFlags: 0
  m_PrefabParentObject: {fileID: 0}
  m_PrefabInternal: {fileID: 0}
  m_GameObject: {fileID: 750636273}
  m_LocalRotation: {x: 0, y: 0, z: 0, w: 1}
  m_LocalPosition: {x: 0, y: 1, z: -10}
  m_LocalScale: {x: 1, y: 1, z: 1}
  m_Children: []
  m_Father: {fileID: 0}
  m_RootOrder: 3
  m_LocalEulerAnglesHint: {x: 0, y: 0, z: 0}
--- !u!1001 &759931823
Prefab:
  m_ObjectHideFlags: 0
  serializedVersion: 2
  m_Modification:
    m_TransformParent: {fileID: 2100368351}
    m_Modifications:
    - target: {fileID: 114620286683962538, guid: ef00404ea41ceb04c977985bfc68e07a,
        type: 2}
      propertyPath: WPRotDirection.Array.size
      value: 0
      objectReference: {fileID: 0}
    - target: {fileID: 114620286683962538, guid: ef00404ea41ceb04c977985bfc68e07a,
        type: 2}
      propertyPath: enemyStats.waypoints.Array.size
      value: 0
      objectReference: {fileID: 0}
    - target: {fileID: 4421415638059826, guid: ef00404ea41ceb04c977985bfc68e07a, type: 2}
      propertyPath: m_LocalPosition.x
      value: -0.118579865
      objectReference: {fileID: 0}
    - target: {fileID: 4421415638059826, guid: ef00404ea41ceb04c977985bfc68e07a, type: 2}
      propertyPath: m_LocalPosition.y
      value: 0
      objectReference: {fileID: 0}
    - target: {fileID: 4421415638059826, guid: ef00404ea41ceb04c977985bfc68e07a, type: 2}
      propertyPath: m_LocalPosition.z
      value: -4.7084107
      objectReference: {fileID: 0}
    - target: {fileID: 4421415638059826, guid: ef00404ea41ceb04c977985bfc68e07a, type: 2}
      propertyPath: m_LocalRotation.x
      value: -0
      objectReference: {fileID: 0}
    - target: {fileID: 4421415638059826, guid: ef00404ea41ceb04c977985bfc68e07a, type: 2}
      propertyPath: m_LocalRotation.y
      value: 0.65060467
      objectReference: {fileID: 0}
    - target: {fileID: 4421415638059826, guid: ef00404ea41ceb04c977985bfc68e07a, type: 2}
      propertyPath: m_LocalRotation.z
      value: -0
      objectReference: {fileID: 0}
    - target: {fileID: 4421415638059826, guid: ef00404ea41ceb04c977985bfc68e07a, type: 2}
      propertyPath: m_LocalRotation.w
      value: 0.75941664
      objectReference: {fileID: 0}
    - target: {fileID: 4421415638059826, guid: ef00404ea41ceb04c977985bfc68e07a, type: 2}
      propertyPath: m_RootOrder
      value: 1
      objectReference: {fileID: 0}
    - target: {fileID: 114620286683962538, guid: ef00404ea41ceb04c977985bfc68e07a,
        type: 2}
      propertyPath: spyTarget
      value: 
      objectReference: {fileID: 872382601}
    - target: {fileID: 114620286683962538, guid: ef00404ea41ceb04c977985bfc68e07a,
        type: 2}
      propertyPath: radius
      value: 20
      objectReference: {fileID: 0}
    - target: {fileID: 114620286683962538, guid: ef00404ea41ceb04c977985bfc68e07a,
        type: 2}
      propertyPath: enemyStats.inRange
      value: 5
      objectReference: {fileID: 0}
    - target: {fileID: 114620286683962538, guid: ef00404ea41ceb04c977985bfc68e07a,
        type: 2}
      propertyPath: maxDistance
      value: 50
      objectReference: {fileID: 0}
    - target: {fileID: 114620286683962538, guid: ef00404ea41ceb04c977985bfc68e07a,
        type: 2}
      propertyPath: enemyStats.waypoints.Array.data[0].targetDestination
      value: 
      objectReference: {fileID: 1988501044}
    - target: {fileID: 114620286683962538, guid: ef00404ea41ceb04c977985bfc68e07a,
        type: 2}
      propertyPath: enemyStats.waypoints.Array.data[1].targetDestination
      value: 
      objectReference: {fileID: 494395224}
    - target: {fileID: 114620286683962538, guid: ef00404ea41ceb04c977985bfc68e07a,
        type: 2}
      propertyPath: enemyStats.waypoints.Array.data[0].waitTime
      value: 1
      objectReference: {fileID: 0}
    - target: {fileID: 114620286683962538, guid: ef00404ea41ceb04c977985bfc68e07a,
        type: 2}
      propertyPath: enemyStats.waypoints.Array.data[1].waitTime
      value: 1
      objectReference: {fileID: 0}
    - target: {fileID: 195756173188073536, guid: ef00404ea41ceb04c977985bfc68e07a,
        type: 2}
      propertyPath: m_AngularSpeed
      value: 400
      objectReference: {fileID: 0}
    - target: {fileID: 1672737429469558, guid: ef00404ea41ceb04c977985bfc68e07a, type: 2}
      propertyPath: m_Name
      value: AI (1)
      objectReference: {fileID: 0}
    - target: {fileID: 4421415638059826, guid: ef00404ea41ceb04c977985bfc68e07a, type: 2}
      propertyPath: m_LocalEulerAnglesHint.y
      value: 81.174
      objectReference: {fileID: 0}
    m_RemovedComponents: []
  m_ParentPrefab: {fileID: 100100000, guid: ef00404ea41ceb04c977985bfc68e07a, type: 2}
  m_IsPrefabParent: 0
--- !u!1001 &801557382
Prefab:
  m_ObjectHideFlags: 0
  serializedVersion: 2
  m_Modification:
    m_TransformParent: {fileID: 2100368351}
    m_Modifications:
    - target: {fileID: 114620286683962538, guid: ef00404ea41ceb04c977985bfc68e07a,
        type: 2}
      propertyPath: WPRotDirection.Array.size
      value: 0
      objectReference: {fileID: 0}
    - target: {fileID: 114620286683962538, guid: ef00404ea41ceb04c977985bfc68e07a,
        type: 2}
      propertyPath: enemyStats.waypoints.Array.size
      value: 2
      objectReference: {fileID: 0}
    - target: {fileID: 4421415638059826, guid: ef00404ea41ceb04c977985bfc68e07a, type: 2}
      propertyPath: m_LocalPosition.x
      value: 0
      objectReference: {fileID: 0}
    - target: {fileID: 4421415638059826, guid: ef00404ea41ceb04c977985bfc68e07a, type: 2}
      propertyPath: m_LocalPosition.y
      value: 0
      objectReference: {fileID: 0}
    - target: {fileID: 4421415638059826, guid: ef00404ea41ceb04c977985bfc68e07a, type: 2}
      propertyPath: m_LocalPosition.z
      value: 0
      objectReference: {fileID: 0}
    - target: {fileID: 4421415638059826, guid: ef00404ea41ceb04c977985bfc68e07a, type: 2}
      propertyPath: m_LocalRotation.x
      value: -0
      objectReference: {fileID: 0}
    - target: {fileID: 4421415638059826, guid: ef00404ea41ceb04c977985bfc68e07a, type: 2}
      propertyPath: m_LocalRotation.y
      value: -0
      objectReference: {fileID: 0}
    - target: {fileID: 4421415638059826, guid: ef00404ea41ceb04c977985bfc68e07a, type: 2}
      propertyPath: m_LocalRotation.z
      value: -0
      objectReference: {fileID: 0}
    - target: {fileID: 4421415638059826, guid: ef00404ea41ceb04c977985bfc68e07a, type: 2}
      propertyPath: m_LocalRotation.w
      value: 1
      objectReference: {fileID: 0}
    - target: {fileID: 4421415638059826, guid: ef00404ea41ceb04c977985bfc68e07a, type: 2}
      propertyPath: m_RootOrder
      value: 0
      objectReference: {fileID: 0}
    - target: {fileID: 114620286683962538, guid: ef00404ea41ceb04c977985bfc68e07a,
        type: 2}
      propertyPath: spyTarget
      value: 
      objectReference: {fileID: 872382601}
    - target: {fileID: 114620286683962538, guid: ef00404ea41ceb04c977985bfc68e07a,
        type: 2}
      propertyPath: radius
      value: 20
      objectReference: {fileID: 0}
    - target: {fileID: 114620286683962538, guid: ef00404ea41ceb04c977985bfc68e07a,
        type: 2}
      propertyPath: enemyStats.inRange
      value: 5
      objectReference: {fileID: 0}
    - target: {fileID: 114620286683962538, guid: ef00404ea41ceb04c977985bfc68e07a,
        type: 2}
      propertyPath: maxDistance
      value: 50
      objectReference: {fileID: 0}
    - target: {fileID: 114620286683962538, guid: ef00404ea41ceb04c977985bfc68e07a,
        type: 2}
      propertyPath: enemyStats.waypoints.Array.data[0].targetDestination
      value: 
      objectReference: {fileID: 1988501044}
    - target: {fileID: 114620286683962538, guid: ef00404ea41ceb04c977985bfc68e07a,
        type: 2}
      propertyPath: enemyStats.waypoints.Array.data[1].targetDestination
      value: 
      objectReference: {fileID: 494395224}
    - target: {fileID: 114620286683962538, guid: ef00404ea41ceb04c977985bfc68e07a,
        type: 2}
      propertyPath: enemyStats.waypoints.Array.data[0].waitTime
      value: 1
      objectReference: {fileID: 0}
    - target: {fileID: 114620286683962538, guid: ef00404ea41ceb04c977985bfc68e07a,
        type: 2}
      propertyPath: enemyStats.waypoints.Array.data[1].waitTime
      value: 1
      objectReference: {fileID: 0}
    - target: {fileID: 195756173188073536, guid: ef00404ea41ceb04c977985bfc68e07a,
        type: 2}
      propertyPath: m_AngularSpeed
      value: 400
      objectReference: {fileID: 0}
    m_RemovedComponents: []
  m_ParentPrefab: {fileID: 100100000, guid: ef00404ea41ceb04c977985bfc68e07a, type: 2}
  m_IsPrefabParent: 0
--- !u!4 &872382601 stripped
Transform:
  m_PrefabParentObject: {fileID: 4838221688890878, guid: 2827a044e6402c2499c4d3618fe86a48,
    type: 2}
  m_PrefabInternal: {fileID: 171994523}
--- !u!1001 &891709532
Prefab:
  m_ObjectHideFlags: 0
  serializedVersion: 2
  m_Modification:
    m_TransformParent: {fileID: 1573204953}
    m_Modifications:
    - target: {fileID: 4651413325150426, guid: 3bf436dbab08c7941934017863301460, type: 2}
      propertyPath: m_LocalPosition.x
      value: -14.02
      objectReference: {fileID: 0}
    - target: {fileID: 4651413325150426, guid: 3bf436dbab08c7941934017863301460, type: 2}
      propertyPath: m_LocalPosition.y
      value: 23.584375
      objectReference: {fileID: 0}
    - target: {fileID: 4651413325150426, guid: 3bf436dbab08c7941934017863301460, type: 2}
      propertyPath: m_LocalPosition.z
      value: -33.11
      objectReference: {fileID: 0}
    - target: {fileID: 4651413325150426, guid: 3bf436dbab08c7941934017863301460, type: 2}
      propertyPath: m_LocalRotation.x
      value: 0
      objectReference: {fileID: 0}
    - target: {fileID: 4651413325150426, guid: 3bf436dbab08c7941934017863301460, type: 2}
      propertyPath: m_LocalRotation.y
      value: -1
      objectReference: {fileID: 0}
    - target: {fileID: 4651413325150426, guid: 3bf436dbab08c7941934017863301460, type: 2}
      propertyPath: m_LocalRotation.z
      value: 0
      objectReference: {fileID: 0}
    - target: {fileID: 4651413325150426, guid: 3bf436dbab08c7941934017863301460, type: 2}
      propertyPath: m_LocalRotation.w
      value: 0
      objectReference: {fileID: 0}
    - target: {fileID: 4651413325150426, guid: 3bf436dbab08c7941934017863301460, type: 2}
      propertyPath: m_RootOrder
      value: 2
      objectReference: {fileID: 0}
    - target: {fileID: 1107749292466294, guid: 3bf436dbab08c7941934017863301460, type: 2}
      propertyPath: m_Icon
      value: 
      objectReference: {fileID: -1412012063857583412, guid: 0000000000000000d000000000000000,
        type: 0}
    - target: {fileID: 1107749292466294, guid: 3bf436dbab08c7941934017863301460, type: 2}
      propertyPath: m_Name
      value: Cover3
      objectReference: {fileID: 0}
    - target: {fileID: 1107749292466294, guid: 3bf436dbab08c7941934017863301460, type: 2}
      propertyPath: m_IsActive
      value: 1
      objectReference: {fileID: 0}
    - target: {fileID: 4651413325150426, guid: 3bf436dbab08c7941934017863301460, type: 2}
      propertyPath: m_LocalScale.x
      value: 1.0000005
      objectReference: {fileID: 0}
    - target: {fileID: 4651413325150426, guid: 3bf436dbab08c7941934017863301460, type: 2}
      propertyPath: m_LocalScale.z
      value: 1.0000005
      objectReference: {fileID: 0}
    - target: {fileID: 4651413325150426, guid: 3bf436dbab08c7941934017863301460, type: 2}
      propertyPath: m_LocalEulerAnglesHint.y
      value: -180
      objectReference: {fileID: 0}
    m_RemovedComponents: []
  m_ParentPrefab: {fileID: 100100000, guid: 3bf436dbab08c7941934017863301460, type: 2}
  m_IsPrefabParent: 0
--- !u!4 &935785707 stripped
Transform:
  m_PrefabParentObject: {fileID: 4421415638059826, guid: ef00404ea41ceb04c977985bfc68e07a,
    type: 2}
  m_PrefabInternal: {fileID: 759931823}
--- !u!4 &948272754 stripped
Transform:
  m_PrefabParentObject: {fileID: 4524337203396294, guid: 2a175d807aa48aa4bb817373954e4929,
    type: 2}
  m_PrefabInternal: {fileID: 2126218399}
--- !u!1001 &1215663485
Prefab:
  m_ObjectHideFlags: 0
  serializedVersion: 2
  m_Modification:
    m_TransformParent: {fileID: 1728503964}
    m_Modifications:
    - target: {fileID: 4440188777105026, guid: b2f183c4a2b66544a88b1aa35c6e7e25, type: 2}
      propertyPath: m_LocalPosition.x
      value: -2.51
      objectReference: {fileID: 0}
    - target: {fileID: 4440188777105026, guid: b2f183c4a2b66544a88b1aa35c6e7e25, type: 2}
      propertyPath: m_LocalPosition.y
      value: 0
      objectReference: {fileID: 0}
    - target: {fileID: 4440188777105026, guid: b2f183c4a2b66544a88b1aa35c6e7e25, type: 2}
      propertyPath: m_LocalPosition.z
      value: -4.06
      objectReference: {fileID: 0}
    - target: {fileID: 4440188777105026, guid: b2f183c4a2b66544a88b1aa35c6e7e25, type: 2}
      propertyPath: m_LocalRotation.x
      value: -0
      objectReference: {fileID: 0}
    - target: {fileID: 4440188777105026, guid: b2f183c4a2b66544a88b1aa35c6e7e25, type: 2}
      propertyPath: m_LocalRotation.y
      value: -0
      objectReference: {fileID: 0}
    - target: {fileID: 4440188777105026, guid: b2f183c4a2b66544a88b1aa35c6e7e25, type: 2}
      propertyPath: m_LocalRotation.z
      value: -0
      objectReference: {fileID: 0}
    - target: {fileID: 4440188777105026, guid: b2f183c4a2b66544a88b1aa35c6e7e25, type: 2}
      propertyPath: m_LocalRotation.w
      value: 1
      objectReference: {fileID: 0}
    - target: {fileID: 4440188777105026, guid: b2f183c4a2b66544a88b1aa35c6e7e25, type: 2}
      propertyPath: m_RootOrder
      value: 1
      objectReference: {fileID: 0}
    m_RemovedComponents: []
  m_ParentPrefab: {fileID: 100100000, guid: b2f183c4a2b66544a88b1aa35c6e7e25, type: 2}
  m_IsPrefabParent: 0
--- !u!4 &1267957069 stripped
Transform:
  m_PrefabParentObject: {fileID: 4421415638059826, guid: ef00404ea41ceb04c977985bfc68e07a,
    type: 2}
  m_PrefabInternal: {fileID: 801557382}
--- !u!1001 &1357121894
Prefab:
  m_ObjectHideFlags: 0
  serializedVersion: 2
  m_Modification:
    m_TransformParent: {fileID: 2100368351}
    m_Modifications:
    - target: {fileID: 114620286683962538, guid: ef00404ea41ceb04c977985bfc68e07a,
        type: 2}
      propertyPath: WPRotDirection.Array.size
      value: 0
      objectReference: {fileID: 0}
    - target: {fileID: 114620286683962538, guid: ef00404ea41ceb04c977985bfc68e07a,
        type: 2}
      propertyPath: enemyStats.waypoints.Array.size
      value: 0
      objectReference: {fileID: 0}
    - target: {fileID: 4421415638059826, guid: ef00404ea41ceb04c977985bfc68e07a, type: 2}
      propertyPath: m_LocalPosition.x
      value: -13.96
      objectReference: {fileID: 0}
    - target: {fileID: 4421415638059826, guid: ef00404ea41ceb04c977985bfc68e07a, type: 2}
      propertyPath: m_LocalPosition.y
      value: 0
      objectReference: {fileID: 0}
    - target: {fileID: 4421415638059826, guid: ef00404ea41ceb04c977985bfc68e07a, type: 2}
      propertyPath: m_LocalPosition.z
      value: 7.46
      objectReference: {fileID: 0}
    - target: {fileID: 4421415638059826, guid: ef00404ea41ceb04c977985bfc68e07a, type: 2}
      propertyPath: m_LocalRotation.x
      value: -0
      objectReference: {fileID: 0}
    - target: {fileID: 4421415638059826, guid: ef00404ea41ceb04c977985bfc68e07a, type: 2}
      propertyPath: m_LocalRotation.y
      value: 0.65060467
      objectReference: {fileID: 0}
    - target: {fileID: 4421415638059826, guid: ef00404ea41ceb04c977985bfc68e07a, type: 2}
      propertyPath: m_LocalRotation.z
      value: -0
      objectReference: {fileID: 0}
    - target: {fileID: 4421415638059826, guid: ef00404ea41ceb04c977985bfc68e07a, type: 2}
      propertyPath: m_LocalRotation.w
      value: 0.75941664
      objectReference: {fileID: 0}
    - target: {fileID: 4421415638059826, guid: ef00404ea41ceb04c977985bfc68e07a, type: 2}
      propertyPath: m_RootOrder
      value: 3
      objectReference: {fileID: 0}
    - target: {fileID: 114620286683962538, guid: ef00404ea41ceb04c977985bfc68e07a,
        type: 2}
      propertyPath: spyTarget
      value: 
      objectReference: {fileID: 872382601}
    - target: {fileID: 114620286683962538, guid: ef00404ea41ceb04c977985bfc68e07a,
        type: 2}
      propertyPath: radius
      value: 20
      objectReference: {fileID: 0}
    - target: {fileID: 114620286683962538, guid: ef00404ea41ceb04c977985bfc68e07a,
        type: 2}
      propertyPath: enemyStats.inRange
      value: 5
      objectReference: {fileID: 0}
    - target: {fileID: 114620286683962538, guid: ef00404ea41ceb04c977985bfc68e07a,
        type: 2}
      propertyPath: maxDistance
      value: 50
      objectReference: {fileID: 0}
    - target: {fileID: 114620286683962538, guid: ef00404ea41ceb04c977985bfc68e07a,
        type: 2}
      propertyPath: enemyStats.waypoints.Array.data[0].targetDestination
      value: 
      objectReference: {fileID: 1988501044}
    - target: {fileID: 114620286683962538, guid: ef00404ea41ceb04c977985bfc68e07a,
        type: 2}
      propertyPath: enemyStats.waypoints.Array.data[1].targetDestination
      value: 
      objectReference: {fileID: 494395224}
    - target: {fileID: 114620286683962538, guid: ef00404ea41ceb04c977985bfc68e07a,
        type: 2}
      propertyPath: enemyStats.waypoints.Array.data[0].waitTime
      value: 1
      objectReference: {fileID: 0}
    - target: {fileID: 114620286683962538, guid: ef00404ea41ceb04c977985bfc68e07a,
        type: 2}
      propertyPath: enemyStats.waypoints.Array.data[1].waitTime
      value: 1
      objectReference: {fileID: 0}
    - target: {fileID: 195756173188073536, guid: ef00404ea41ceb04c977985bfc68e07a,
        type: 2}
      propertyPath: m_AngularSpeed
      value: 400
      objectReference: {fileID: 0}
    - target: {fileID: 1672737429469558, guid: ef00404ea41ceb04c977985bfc68e07a, type: 2}
      propertyPath: m_Name
      value: AI (3)
      objectReference: {fileID: 0}
    - target: {fileID: 4421415638059826, guid: ef00404ea41ceb04c977985bfc68e07a, type: 2}
      propertyPath: m_LocalEulerAnglesHint.y
      value: 81.174
      objectReference: {fileID: 0}
    - target: {fileID: 4421415638059826, guid: ef00404ea41ceb04c977985bfc68e07a, type: 2}
      propertyPath: m_LocalScale.x
      value: 1.0000002
      objectReference: {fileID: 0}
    - target: {fileID: 4421415638059826, guid: ef00404ea41ceb04c977985bfc68e07a, type: 2}
      propertyPath: m_LocalScale.z
      value: 1.0000002
      objectReference: {fileID: 0}
    m_RemovedComponents: []
  m_ParentPrefab: {fileID: 100100000, guid: ef00404ea41ceb04c977985bfc68e07a, type: 2}
  m_IsPrefabParent: 0
--- !u!1 &1405398209
GameObject:
  m_ObjectHideFlags: 0
  m_PrefabParentObject: {fileID: 1459836905347946, guid: 00bcb9b5ec3076c4bbec0c1c12f71045,
    type: 2}
  m_PrefabInternal: {fileID: 0}
  serializedVersion: 5
  m_Component:
  - component: {fileID: 1405398210}
  - component: {fileID: 1405398213}
  - component: {fileID: 1405398211}
  m_Layer: 8
  m_Name: Wall2
  m_TagString: Untagged
  m_Icon: {fileID: 0}
  m_NavMeshLayer: 0
  m_StaticEditorFlags: 4294967295
  m_IsActive: 1
--- !u!4 &1405398210
Transform:
  m_ObjectHideFlags: 0
  m_PrefabParentObject: {fileID: 4985578888587940, guid: 00bcb9b5ec3076c4bbec0c1c12f71045,
    type: 2}
  m_PrefabInternal: {fileID: 0}
  m_GameObject: {fileID: 1405398209}
  m_LocalRotation: {x: -0, y: -0.7074137, z: -0, w: 0.70679986}
  m_LocalPosition: {x: -0.729, y: 0.4, z: -0.531}
  m_LocalScale: {x: 2.0023859, y: 1.1150328, z: 0.16826518}
  m_Children: []
  m_Father: {fileID: 65925316}
  m_RootOrder: 1
  m_LocalEulerAnglesHint: {x: 0, y: -90.05, z: 0}
--- !u!23 &1405398211
MeshRenderer:
  m_ObjectHideFlags: 0
  m_PrefabParentObject: {fileID: 23133702621852032, guid: 00bcb9b5ec3076c4bbec0c1c12f71045,
    type: 2}
  m_PrefabInternal: {fileID: 0}
  m_GameObject: {fileID: 1405398209}
  m_Enabled: 1
  m_CastShadows: 1
  m_ReceiveShadows: 1
  m_MotionVectors: 1
  m_LightProbeUsage: 1
  m_ReflectionProbeUsage: 1
  m_Materials:
  - {fileID: 10303, guid: 0000000000000000f000000000000000, type: 0}
  m_StaticBatchInfo:
    firstSubMesh: 0
    subMeshCount: 0
  m_StaticBatchRoot: {fileID: 0}
  m_ProbeAnchor: {fileID: 0}
  m_LightProbeVolumeOverride: {fileID: 0}
  m_ScaleInLightmap: 1
  m_PreserveUVs: 1
  m_IgnoreNormalsForChartDetection: 0
  m_ImportantGI: 0
  m_SelectedEditorRenderState: 3
  m_MinimumChartSize: 4
  m_AutoUVMaxDistance: 0.5
  m_AutoUVMaxAngle: 89
  m_LightmapParameters: {fileID: 0}
  m_SortingLayerID: 0
  m_SortingLayer: 0
  m_SortingOrder: 0
--- !u!33 &1405398213
MeshFilter:
  m_ObjectHideFlags: 0
  m_PrefabParentObject: {fileID: 33205692387764324, guid: 00bcb9b5ec3076c4bbec0c1c12f71045,
    type: 2}
  m_PrefabInternal: {fileID: 0}
  m_GameObject: {fileID: 1405398209}
  m_Mesh: {fileID: 10202, guid: 0000000000000000e000000000000000, type: 0}
--- !u!4 &1525740115 stripped
Transform:
  m_PrefabParentObject: {fileID: 4651413325150426, guid: 3bf436dbab08c7941934017863301460,
    type: 2}
  m_PrefabInternal: {fileID: 230012173}
--- !u!1 &1573204952
GameObject:
  m_ObjectHideFlags: 0
  m_PrefabParentObject: {fileID: 0}
  m_PrefabInternal: {fileID: 0}
  serializedVersion: 5
  m_Component:
  - component: {fileID: 1573204953}
  m_Layer: 0
  m_Name: Coverpoints
  m_TagString: Untagged
  m_Icon: {fileID: 0}
  m_NavMeshLayer: 0
  m_StaticEditorFlags: 0
  m_IsActive: 1
--- !u!4 &1573204953
Transform:
  m_ObjectHideFlags: 0
  m_PrefabParentObject: {fileID: 0}
  m_PrefabInternal: {fileID: 0}
  m_GameObject: {fileID: 1573204952}
  m_LocalRotation: {x: 0, y: 0, z: 0, w: 1}
  m_LocalPosition: {x: 3.4411764, y: -23.284376, z: 35.02341}
  m_LocalScale: {x: 1, y: 1, z: 1}
  m_Children:
  - {fileID: 1525740115}
  - {fileID: 78158547}
  - {fileID: 1633943652}
  m_Father: {fileID: 0}
  m_RootOrder: 8
  m_LocalEulerAnglesHint: {x: 0, y: 0, z: 0}
--- !u!4 &1633943652 stripped
Transform:
  m_PrefabParentObject: {fileID: 4651413325150426, guid: 3bf436dbab08c7941934017863301460,
    type: 2}
  m_PrefabInternal: {fileID: 891709532}
--- !u!1001 &1725647010
Prefab:
  m_ObjectHideFlags: 0
  serializedVersion: 2
  m_Modification:
    m_TransformParent: {fileID: 1573204953}
    m_Modifications:
    - target: {fileID: 4651413325150426, guid: 3bf436dbab08c7941934017863301460, type: 2}
      propertyPath: m_LocalPosition.x
      value: -5.1711764
      objectReference: {fileID: 0}
    - target: {fileID: 4651413325150426, guid: 3bf436dbab08c7941934017863301460, type: 2}
      propertyPath: m_LocalPosition.y
      value: 23.584375
      objectReference: {fileID: 0}
    - target: {fileID: 4651413325150426, guid: 3bf436dbab08c7941934017863301460, type: 2}
      propertyPath: m_LocalPosition.z
      value: -37.09341
      objectReference: {fileID: 0}
    - target: {fileID: 4651413325150426, guid: 3bf436dbab08c7941934017863301460, type: 2}
      propertyPath: m_LocalRotation.x
      value: -0
      objectReference: {fileID: 0}
    - target: {fileID: 4651413325150426, guid: 3bf436dbab08c7941934017863301460, type: 2}
      propertyPath: m_LocalRotation.y
      value: -0.7071068
      objectReference: {fileID: 0}
    - target: {fileID: 4651413325150426, guid: 3bf436dbab08c7941934017863301460, type: 2}
      propertyPath: m_LocalRotation.z
      value: -0
      objectReference: {fileID: 0}
    - target: {fileID: 4651413325150426, guid: 3bf436dbab08c7941934017863301460, type: 2}
      propertyPath: m_LocalRotation.w
      value: 0.7071068
      objectReference: {fileID: 0}
    - target: {fileID: 4651413325150426, guid: 3bf436dbab08c7941934017863301460, type: 2}
      propertyPath: m_RootOrder
      value: 1
      objectReference: {fileID: 0}
    - target: {fileID: 1107749292466294, guid: 3bf436dbab08c7941934017863301460, type: 2}
      propertyPath: m_Icon
      value: 
      objectReference: {fileID: -1412012063857583412, guid: 0000000000000000d000000000000000,
        type: 0}
    - target: {fileID: 1107749292466294, guid: 3bf436dbab08c7941934017863301460, type: 2}
      propertyPath: m_Name
      value: Cover2
      objectReference: {fileID: 0}
    - target: {fileID: 1107749292466294, guid: 3bf436dbab08c7941934017863301460, type: 2}
      propertyPath: m_IsActive
      value: 1
      objectReference: {fileID: 0}
    - target: {fileID: 4651413325150426, guid: 3bf436dbab08c7941934017863301460, type: 2}
      propertyPath: m_LocalScale.x
      value: 1
      objectReference: {fileID: 0}
    - target: {fileID: 4651413325150426, guid: 3bf436dbab08c7941934017863301460, type: 2}
      propertyPath: m_LocalScale.z
      value: 1
      objectReference: {fileID: 0}
    m_RemovedComponents: []
  m_ParentPrefab: {fileID: 100100000, guid: 3bf436dbab08c7941934017863301460, type: 2}
  m_IsPrefabParent: 0
--- !u!1 &1728503963
GameObject:
  m_ObjectHideFlags: 0
  m_PrefabParentObject: {fileID: 0}
  m_PrefabInternal: {fileID: 0}
  serializedVersion: 5
  m_Component:
  - component: {fileID: 1728503964}
  m_Layer: 0
  m_Name: Waypoints
  m_TagString: Untagged
  m_Icon: {fileID: 0}
  m_NavMeshLayer: 0
  m_StaticEditorFlags: 0
  m_IsActive: 1
--- !u!4 &1728503964
Transform:
  m_ObjectHideFlags: 0
  m_PrefabParentObject: {fileID: 0}
  m_PrefabInternal: {fileID: 0}
  m_GameObject: {fileID: 1728503963}
  m_LocalRotation: {x: -0, y: -0, z: -0, w: 1}
  m_LocalPosition: {x: 0, y: 0, z: 0}
  m_LocalScale: {x: 1, y: 1, z: 1}
  m_Children:
  - {fileID: 494395224}
  - {fileID: 1988501044}
  - {fileID: 948272754}
  - {fileID: 1878346141}
  m_Father: {fileID: 0}
  m_RootOrder: 7
  m_LocalEulerAnglesHint: {x: 0, y: 0, z: 0}
--- !u!1 &1806401332
GameObject:
  m_ObjectHideFlags: 0
  m_PrefabParentObject: {fileID: 0}
  m_PrefabInternal: {fileID: 0}
  serializedVersion: 5
  m_Component:
  - component: {fileID: 1806401335}
  - component: {fileID: 1806401334}
  - component: {fileID: 1806401333}
  m_Layer: 0
  m_Name: EventSystem
  m_TagString: Untagged
  m_Icon: {fileID: 0}
  m_NavMeshLayer: 0
  m_StaticEditorFlags: 0
  m_IsActive: 1
--- !u!114 &1806401333
MonoBehaviour:
  m_ObjectHideFlags: 0
  m_PrefabParentObject: {fileID: 0}
  m_PrefabInternal: {fileID: 0}
  m_GameObject: {fileID: 1806401332}
  m_Enabled: 1
  m_EditorHideFlags: 0
  m_Script: {fileID: 1077351063, guid: f70555f144d8491a825f0804e09c671c, type: 3}
  m_Name: 
  m_EditorClassIdentifier: 
  m_HorizontalAxis: Horizontal
  m_VerticalAxis: Vertical
  m_SubmitButton: Submit
  m_CancelButton: Cancel
  m_InputActionsPerSecond: 10
  m_RepeatDelay: 0.5
  m_ForceModuleActive: 0
--- !u!114 &1806401334
MonoBehaviour:
  m_ObjectHideFlags: 0
  m_PrefabParentObject: {fileID: 0}
  m_PrefabInternal: {fileID: 0}
  m_GameObject: {fileID: 1806401332}
  m_Enabled: 1
  m_EditorHideFlags: 0
  m_Script: {fileID: -619905303, guid: f70555f144d8491a825f0804e09c671c, type: 3}
  m_Name: 
  m_EditorClassIdentifier: 
  m_FirstSelected: {fileID: 0}
  m_sendNavigationEvents: 1
  m_DragThreshold: 5
--- !u!4 &1806401335
Transform:
  m_ObjectHideFlags: 0
  m_PrefabParentObject: {fileID: 0}
  m_PrefabInternal: {fileID: 0}
  m_GameObject: {fileID: 1806401332}
  m_LocalRotation: {x: 0, y: 0, z: 0, w: 1}
  m_LocalPosition: {x: 0, y: 0, z: 0}
  m_LocalScale: {x: 1, y: 1, z: 1}
  m_Children: []
  m_Father: {fileID: 0}
  m_RootOrder: 6
  m_LocalEulerAnglesHint: {x: 0, y: 0, z: 0}
--- !u!4 &1878346141 stripped
Transform:
  m_PrefabParentObject: {fileID: 4524337203396294, guid: 2a175d807aa48aa4bb817373954e4929,
    type: 2}
  m_PrefabInternal: {fileID: 78129972}
--- !u!4 &1988501044 stripped
Transform:
  m_PrefabParentObject: {fileID: 4440188777105026, guid: b2f183c4a2b66544a88b1aa35c6e7e25,
    type: 2}
  m_PrefabInternal: {fileID: 1215663485}
--- !u!4 &2060622889 stripped
Transform:
  m_PrefabParentObject: {fileID: 4421415638059826, guid: ef00404ea41ceb04c977985bfc68e07a,
    type: 2}
  m_PrefabInternal: {fileID: 182392491}
--- !u!1 &2100368350
GameObject:
  m_ObjectHideFlags: 0
  m_PrefabParentObject: {fileID: 0}
  m_PrefabInternal: {fileID: 0}
  serializedVersion: 5
  m_Component:
  - component: {fileID: 2100368351}
  m_Layer: 0
  m_Name: AIs
  m_TagString: Untagged
  m_Icon: {fileID: 0}
  m_NavMeshLayer: 0
  m_StaticEditorFlags: 0
  m_IsActive: 1
--- !u!4 &2100368351
Transform:
  m_ObjectHideFlags: 0
  m_PrefabParentObject: {fileID: 0}
  m_PrefabInternal: {fileID: 0}
  m_GameObject: {fileID: 2100368350}
  m_LocalRotation: {x: -0, y: -0, z: -0, w: 1}
  m_LocalPosition: {x: 7.2, y: 0, z: -0.67}
  m_LocalScale: {x: 1, y: 1, z: 1}
  m_Children:
  - {fileID: 1267957069}
  - {fileID: 935785707}
  - {fileID: 2060622889}
  - {fileID: 392192620}
  m_Father: {fileID: 0}
  m_RootOrder: 1
  m_LocalEulerAnglesHint: {x: 0, y: 0, z: 0}
--- !u!1001 &2126218399
Prefab:
  m_ObjectHideFlags: 0
  serializedVersion: 2
  m_Modification:
    m_TransformParent: {fileID: 1728503964}
    m_Modifications:
    - target: {fileID: 4524337203396294, guid: 2a175d807aa48aa4bb817373954e4929, type: 2}
      propertyPath: m_LocalPosition.x
      value: -18.07
      objectReference: {fileID: 0}
    - target: {fileID: 4524337203396294, guid: 2a175d807aa48aa4bb817373954e4929, type: 2}
      propertyPath: m_LocalPosition.y
      value: 0
      objectReference: {fileID: 0}
    - target: {fileID: 4524337203396294, guid: 2a175d807aa48aa4bb817373954e4929, type: 2}
      propertyPath: m_LocalPosition.z
      value: 1.74
      objectReference: {fileID: 0}
    - target: {fileID: 4524337203396294, guid: 2a175d807aa48aa4bb817373954e4929, type: 2}
      propertyPath: m_LocalRotation.x
      value: -0
      objectReference: {fileID: 0}
    - target: {fileID: 4524337203396294, guid: 2a175d807aa48aa4bb817373954e4929, type: 2}
      propertyPath: m_LocalRotation.y
      value: -0
      objectReference: {fileID: 0}
    - target: {fileID: 4524337203396294, guid: 2a175d807aa48aa4bb817373954e4929, type: 2}
      propertyPath: m_LocalRotation.z
      value: -0
      objectReference: {fileID: 0}
    - target: {fileID: 4524337203396294, guid: 2a175d807aa48aa4bb817373954e4929, type: 2}
      propertyPath: m_LocalRotation.w
      value: 1
      objectReference: {fileID: 0}
    - target: {fileID: 4524337203396294, guid: 2a175d807aa48aa4bb817373954e4929, type: 2}
      propertyPath: m_RootOrder
      value: 2
      objectReference: {fileID: 0}
    - target: {fileID: 1443850166908482, guid: 2a175d807aa48aa4bb817373954e4929, type: 2}
      propertyPath: m_Name
      value: Waypoint3
      objectReference: {fileID: 0}
    m_RemovedComponents: []
  m_ParentPrefab: {fileID: 100100000, guid: 2a175d807aa48aa4bb817373954e4929, type: 2}
  m_IsPrefabParent: 0
